@article{Weber2015,
author = {Weber, Tilmann and Blin, Kai and Duddela, Srikanth and Krug, Daniel and Kim, Hyun Uk and Bruccoleri, Robert and Lee, Sang Yup and Fischbach, Michael A. and M{\"{u}}ller, Rolf and Wohlleben, Wolfgang and Breitling, Rainer and Takano, Eriko and Medema, Marnix H.},
doi = {10.1093/nar/gkv437},
file = {:home/philipp/.local/share/data/Mendeley Ltd./Mendeley Desktop/Downloaded/Weber et al. - 2015 - antiSMASH 3.0—a comprehensive resource for the genome mining of biosynthetic gene clusters.pdf:pdf},
issn = {0305-1048},
journal = {Nucleic Acids Research},
keywords = {antibiotics,enzymes,gene cluster,genes,genome,insecticides,metabolism,metabolites,mining,software,xml},
month = {jul},
number = {W1},
pages = {W237--W243},
publisher = {Oxford University Press},
title = {{antiSMASH 3.0—a comprehensive resource for the genome mining of biosynthetic gene clusters}},
url = {https://academic.oup.com/nar/article-lookup/doi/10.1093/nar/gkv437},
volume = {43},
year = {2015}
}
